@book{Thrun2005,
	author = {S. Thrun and W. Burgard and D. Fox},
	title = {Probabilistic Robotics},
	edition = {1st},
	year = {2005},
	publisher = {The {MIT} Press},
	location = {Boston, Massachusetts, USA}
}
